001  0000184
005  20180829174730.704
008  170720s||||     bl|||||||||||||||||por|u
020    $a9788581810000
040    $aPorto Alegre$bpor
080    $2793.31(=414/45)(816.5)$a1999
090    $a793.31(=414/45)(816.5)$bS586j$c2 ed.
100 1  $aSilva, Gilberto Augusto da
245 10 $aJongo de piquete$bum novo olhar$cGilberto Augusto da Silva, Ana Maria Gouvêa
260    $aSão Paulo$bPáginas e letras editora e gráfica$c2011
300    $a75 p.
650    $aCultura
650    $aDança
650    $aPiquete
650    $aHistória
